@inproceedings{larochelle2010learning,
  title={Learning to combine foveal glimpses with a third-order Boltzmann machine},
  author={Larochelle, Hugo and Hinton, Geoffrey E},
  booktitle={Advances in neural information processing systems},
  pages={1243--1251},
  year={2010}
}

@article{ranzato2014learning,
  title={On Learning Where To Look},
  author={Ranzato, Marc'Aurelio},
  journal={arXiv preprint arXiv:1405.5488},
  year={2014}
}

@inproceedings{paletta2005q,
  title={Q-learning of sequential attention for visual object recognition from informative local descriptors},
  author={Paletta, Lucas and Fritz, Gerald and Seifert, Christin},
  booktitle={Proceedings of the 22nd international conference on Machine learning},
  pages={649--656},
  year={2005},
  organization={ACM}
}

@inproceedings{rupprecht2015image,
  title={Image Segmentation in Twenty Questions},
  author={Rupprecht, Christian and Peter, Loic and Navab, Nassir},
  booktitle={Proceedings of the IEEE Conference on Computer Vision and Pattern Recognition},
  pages={3314--3322},
  year={2015}
}

@article{geman2015visual,
  title={Visual Turing test for computer vision systems},
  author={Geman, Donald and Geman, Stuart and Hallonquist, Neil and Younes, Laurent},
  journal={Proceedings of the National Academy of Sciences},
  volume={112},
  number={12},
  pages={3618--3623},
  year={2015},
  publisher={National Acad Sciences}
}

@inproceedings{mottaghi2014role,
  title={The role of context for object detection and semantic segmentation in the wild},
  author={Mottaghi, Roozbeh and Chen, Xianjie and Liu, Xiaobai and Cho, Nam-Gyu and Lee, Seong-Whan and Fidler, Sanja and Urtasun, Raquel and Yuille, Alan},
  booktitle={Computer Vision and Pattern Recognition (CVPR), 2014 IEEE Conference on},
  pages={891--898},
  year={2014},
  organization={IEEE}
}

@Article{Everingham10, 
   author = "Everingham, M. and Van~Gool, L. and Williams, C. K. I. and Winn, J. and Zisserman, A.", 
   title = "The Pascal Visual Object Classes (VOC) Challenge", 
   journal = "International Journal of Computer Vision", 
   volume = "88", 
   year = "2010", 
   number = "2", 
   month = jun, 
   pages = "303--338", 
} 

@article{najemnik2005optimal,
  title={Optimal eye movement strategies in visual search},
  author={Najemnik, Jiri and Geisler, Wilson S},
  journal={Nature},
  volume={434},
  number={7031},
  pages={387--391},
  year={2005},
  publisher={Nature Publishing Group}
}

@article{hock1974contextual,
  title={Contextual relations: the influence of familiarity, physical plausibility, and belongingness},
  author={Hock, Howard S and Gordon, Gregory P and Whitehurst, Robert},
  journal={Perception \& Psychophysics},
  volume={16},
  number={1},
  pages={4--8},
  year={1974},
  publisher={Springer}
}

@article{biederman1982scene,
  title={Scene perception: Detecting and judging objects undergoing relational violations},
  author={Biederman, Irving and Mezzanotte, Robert J and Rabinowitz, Jan C},
  journal={Cognitive psychology},
  volume={14},
  number={2},
  pages={143--177},
  year={1982},
  publisher={Elsevier}
}

@article{parikh2012exploring,
  title={Exploring tiny images: the roles of appearance and contextual information for machine and human object recognition},
  author={Parikh, Devi and Zitnick, C Lawrence and Chen, Tsuhan},
  journal={Pattern Analysis and Machine Intelligence, IEEE Transactions on},
  volume={34},
  number={10},
  pages={1978--1991},
  year={2012},
  publisher={IEEE}
}

@article{bar2004visual,
  title={Visual objects in context},
  author={Bar, Moshe},
  journal={Nature Reviews Neuroscience},
  volume={5},
  number={8},
  pages={617--629},
  year={2004},
  publisher={Nature Publishing Group}
}

@article{moores2003associative,
  title={Associative knowledge controls deployment of visual selective attention},
  author={Moores, Elisabeth and Laiti, Liana and Chelazzi, Leonardo},
  journal={Nature neuroscience},
  volume={6},
  number={2},
  pages={182--189},
  year={2003},
  publisher={Nature Publishing Group}
}

@book{barto1998reinforcement,
  title={Reinforcement learning: An introduction},
  author={Barto, Andrew G},
  year={1998},
  publisher={MIT press}
}

@article{sharon06Hierarchy,
   author = {Sharon, Eitan and Galun, Meirav and Sharon, Dahlia and Basri, Ronen and Brandt, Achi },
  issn = {0028-0836},
  journal = {Nature},
  month = {June},
  number = {7104},
  pages = {719-846},
  publisher = {Nature Publishing Group},
  title = {Hierarchy and adaptivity in segmenting visual scenes},
  volume = {442},
  year = {2006}
  }

@inproceedings{van2011segmentation,
  title={Segmentation as selective search for object recognition},
  author={Van de Sande, Koen EA and Uijlings, Jasper RR and Gevers, Theo and Smeulders, Arnold WM},
  booktitle={Computer Vision (ICCV), 2011 IEEE International Conference on},
  pages={1879--1886},
  year={2011},
  organization={IEEE}
}


@article{carreira2012cpmc,
  title={CPMC: Automatic object segmentation using constrained parametric min-cuts},
  author={Carreira, Joao and Sminchisescu, Cristian},
  journal={Pattern Analysis and Machine Intelligence, IEEE Transactions on},
  volume={34},
  number={7},
  pages={1312--1328},
  year={2012},
  publisher={IEEE}
}


@article{galleguillos2010context,
  title={Context based object categorization: A critical survey},
  author={Galleguillos, Carolina and Belongie, Serge},
  journal={Computer Vision and Image Understanding},
  volume={114},
  number={6},
  pages={712--722},
  year={2010},
  publisher={Elsevier}
}


@incollection{ladicky2010graph,
  title={Graph cut based inference with co-occurrence statistics},
  author={Ladicky, Lubor and Russell, Chris and Kohli, Pushmeet and Torr, Philip HS},
  booktitle={Computer Vision--ECCV 2010},
  pages={239--253},
  year={2010},
  publisher={Springer}
}


@incollection{shotton2006textonboost,
  title={Textonboost: Joint appearance, shape and context modeling for multi-class object recognition and segmentation},
  author={Shotton, Jamie and Winn, John and Rother, Carsten and Criminisi, Antonio},
  booktitle={Computer Vision--ECCV 2006},
  pages={1--15},
  year={2006},
  publisher={Springer}
}

@inproceedings{gould2009decomposing,
  title={Decomposing a scene into geometric and semantically consistent regions},
  author={Gould, Stephen and Fulton, Richard and Koller, Daphne},
  booktitle={Computer Vision, 2009 IEEE 12th International Conference on},
  pages={1--8},
  year={2009},
  organization={IEEE}
}



@article{lampert2009efficient,
  title={Efficient subwindow search: A branch and bound framework for object localization},
  author={Lampert, Christoph H and Blaschko, Matthew B and Hofmann, Thomas},
  journal={Pattern Analysis and Machine Intelligence, IEEE Transactions on},
  volume={31},
  number={12},
  pages={2129--2142},
  year={2009},
  publisher={IEEE}
}



@inproceedings{girshick14CVPR,
    Author = {Girshick, Ross and Donahue, Jeff and Darrell, Trevor and Malik, Jitendra},
    Title = {Rich feature hierarchies for accurate object detection and semantic segmentation},
    Booktitle = {Computer Vision and Pattern Recognition},
    Year = {2014}
}




@article{felzenszwalb2010object,
  title={Object detection with discriminatively trained part-based models},
  author={Felzenszwalb, Pedro F and Girshick, Ross B and McAllester, David and Ramanan, Deva},
  journal={Pattern Analysis and Machine Intelligence, IEEE Transactions on},
  volume={32},
  number={9},
  pages={1627--1645},
  year={2010},
  publisher={IEEE}
}


@incollection{branson2010visual,
  title={Visual recognition with humans in the loop},
  author={Branson, Steve and Wah, Catherine and Schroff, Florian and Babenko, Boris and Welinder, Peter and Perona, Pietro and Belongie, Serge},
  booktitle={Computer Vision--ECCV 2010},
  pages={438--451},
  year={2010},
  publisher={Springer}
}


@article{blanchard2005hierarchical,
  title={Hierarchical testing designs for pattern recognition},
  author={Blanchard, Gilles and Geman, Donald},
  journal={Annals of Statistics},
  pages={1155--1202},
  year={2005},
  publisher={JSTOR}
}


@InProceedings{BharathECCV2014,
  author       = "Bharath Hariharan and Pablo Arbel\'{a}ez and Ross Girshick and Jitendra Malik",
  title        = "Simultaneous Detection and Segmentation",
  booktitle    = "European Conference on Computer Vision (ECCV)",
  year         = "2014",
}

@article{sergey2012timely,
  author = {Sergey Karayev and Tobias Baumgartner and Mario Fritz and Trevor Darrell},
  title = {Timely Object Recognition},
  journal = {NIPS},
  year = 2012
}

@article{bogdan2012context,
  author={Bogdan Alexe and Nicolas Heess and Yee Whye Teh and Vittorio Ferrari},
  title={Searching for Objects Driven by Context},
  journal={NIPS},
  year=2012
}

@article{gao2011active,
  author={Tianshi Gao and Daphne Koller},
  title={Active Classification based on Value of Classifier},
  journal={NIPS},
  year=2011
}

@inproceedings{chen2011piecing,
  title={Piecing together the segmentation jigsaw using context},
  author={Chen, Xi and Jain, Arpit and Gupta, Abhinav and Davis, Larry S},
  booktitle={Computer Vision and Pattern Recognition (CVPR), 2011 IEEE Conference on},
  pages={2001--2008},
  year={2011},
  organization={IEEE}
}

@incollection{tighe2010superparsing,
  title={Superparsing: scalable nonparametric image parsing with superpixels},
  author={Tighe, Joseph and Lazebnik, Svetlana},
  booktitle={Computer Vision--ECCV 2010},
  pages={352--365},
  year={2010},
  publisher={Springer}
}

@inproceedings{arbelaez2014multiscale,
  title={Multiscale Combinatorial Grouping},
  author={Arbel{\'a}ez, Pablo and Pont-Tuset, Jordi and Barron, Jonathan T and Marques, Ferran and Malik, Jitendra},
  year={2014},
  organization={CVPR}
}


